Guidelines for the use of the
C++14 language in critical and
safety-related systems

@misc{AutosarWebsite,
title = {{AUTOSAR official website}},
author = {AUTOSAR},
year = {2018}
}

@misc{AutosarGuidelines,
title = {{Guidelines for the use of the C++14 language in critical and safety-related systems}},
author = {AUTOSAR},
year = {2017}
}

@BOOK{TheC++ProgrammingLanguage,
  title = {The C++ Programming Language},
  author = {Bjarne Stroustrup},
  year = {2013},
  publisher = {Addison–Wesley},
  edition = {Fourth}
}

@misc{ISOWebsite,
  title = {{ISO official website}},
  howpublished = {\url{https://www.iso.org/committee/45202.html}}
}


@misc{CSAWebsite,
  title = {{Clang Static Analyzer website}},
  howpublished = {\url{https://clang-analyzer.llvm.org/}}
}

@misc{visitors,
    title = {{clang::RecursiveASTVisitor<Derived> Class Template Reference}},
    author = {Free Software Foundation},
    year = {2007-2020},
}

@misc{matchers,
    title = {{Clang 11 documentation Matching the Clang AST}},
    author = {Free Software Foundation},
    year = {2007-2020},
}

@misc{static_analyzer,
    title = {{CLANG STATIC ANALYZER, A Checker Developer’s Guide}},
    author = {Artem Dergachev},
    year = {2016},
}

@misc{ast,
    title = {{Abstract syntax tree, Wikipedia}},
    note = {on-line at: \url{https://en.wikipedia.org/wiki/Abstract_syntax_tree}}
}

