Guidelines for the use of the
C++14 language in critical and
safety-related systems

@misc{AutosarWebsite,
title = {{AUTOSAR official website}},
author = {AUTOSAR},
year = {2018}
}

@misc{AutosarGuidelines,
title = {{Guidelines for the use of the C++14 language in critical and safety-related systems}},
author = {AUTOSAR},
year = {2017}
}